0740000000304449456000000 000000       09112200000000342358+00000000342358+000000000025000000000000025000003151122
0750000000304449456014816071295002010000000002010000000025002030444945600030000000000000000151122Popl.za pojištìní in00203151122
07600000000000000000000000201000000SPO FROM 71295002                  Pøíchozí úhrada
078Internetová rizika na rok zdarma
0750000000304449456014816071295002000000000002020000000025001030444945600030000000000000000151122Popl.za pojištìní in00203151122
07600000000000000000000000202000000                                   Trvalý pøíkaz k Inkasu èíslo
078Pojištìní internetových rizik
