0740000002000012001Test Client         29072200000074778295+00000076926495+000000000000000000000021482000170290722FIO
0750000002000012001000000016611114300242257670180000014813002000006462700080000000000000000290722Sewerin Martin      00203290722
0750000002000012001011000173412900300242264763150000006669002000006551900080000000000000000290722Eclerová Pavla      00203290722
